@book{NumOpt,
  title={Numerical Optimization},
  author={Jorge Nocedal \& S. Wright},
  year={2006},
  publisher={Springer-Verlag New York}
}
